@book{wagner2007comparing,
    title={Comparing clusterings: an overview},
    author={Wagner, Silke and Wagner, Dorothea},
    year={2007},
    publisher={Universit{\"a}t Karlsruhe, Fakult{\"a}t f{\"u}r Informatik Karlsruhe}
}

@article{charikar2004incremental,
    title={Incremental clustering and dynamic information retrieval},
    author={CHARIKAR, Moses and CHEKURI, Chandra and FEDER, Tomas and MOTWANI, Rajeev},
    journal={SIAM journal on computing},
    volume={33},
    number={6},
    pages={1417--1440},
    year={2004},
    publisher={Society for Industrial and Applied Mathematics}
}

@article{Coppersmith1990251,
    title = "Matrix multiplication via arithmetic progressions ",
    journal = "Journal of Symbolic Computation ",
    volume = "9",
    number = "3",
    pages = "251 - 280",
    year = "1990",
    note = "Computational algebraic complexity editorial ",
    issn = "0747-7171",
    doi = "http://dx.doi.org/10.1016/S0747-7171(08)80013-2",
    url = "http://www.sciencedirect.com/science/article/pii/S0747717108800132",
    author = "Don Coppersmith and Shmuel Winograd"
}

@article{strassen1969gaussian,
    title={Gaussian elimination is not optimal},
    author={Strassen, Volker},
    journal={Numerische Mathematik},
    volume={13},
    number={4},
    pages={354--356},
    year={1969},
    publisher={Springer}
}
